@techreport{Algert2008,
author = {Algert, Dave and Bernstein, Adam and Bythrow, Peter F. and Carlson, Rick and Collar, Juan and Dye, Stephen T. and Goodman, Jordan and Gratta, Giorgio and Hanchar, Deborah and Kadel, Richard W. and Lambert, David and Learned, John G. and McDonough, William F. and Nicholson, Howard and O'Connell, Richard J. and Orrell, John L. and Piepke, Andreas and Pitts, Leslie and Raptis, A. C. and Reyna, David and Serna, Mario and Siegrist, Jim and Simpson, David and Turner, Michael S. and Usman, Shawn},
title = {{Antineutrino Detection for Nuclear Monitoring}},
year = {2008}
}
@article{Allegre1995,
author = {All\`{e}gre, CJ and Poirier, JP},
journal = {Earth and Planetary \ldots},
pages = {515--526},
title = {{The chemical composition of the Earth}},
volume = {134},
year = {1995}
}
@article{Ananthaswamy2012,
author = {Ananthaswamy, A},
journal = {New Scientist},
number = {April},
title = {{Messengers from the underworld}},
year = {2012}
}
@article{Arevalo2009,
author = {Arevalo, Ricardo and McDonough, William F. and Luong, Mario},
doi = {10.1016/j.epsl.2008.12.023},
issn = {0012821X},
journal = {Earth and Planetary Science Letters},
month = feb,
number = {3-4},
pages = {361--369},
publisher = {Elsevier B.V.},
title = {{The K/U ratio of the silicate Earth: Insights into mantle composition, structure and thermal evolution}},
volume = {278},
year = {2009}
}
@article{Avilez1981,
author = {Avilez, C and Marx, G and Fuentes, B},
journal = {Physical Review D},
number = {5},
pages = {2--3},
title = {{Earth as a source of antineutrinos}},
volume = {23},
year = {1981}
}
@article{Bellini2013,
author = {Bellini, G. and Ianni, a. and Ludhova, L. and Mantovani, F. and McDonough, W.F.},
doi = {10.1016/j.ppnp.2013.07.001},
issn = {01466410},
journal = {Progress in Particle and Nuclear Physics},
month = nov,
pages = {1--34},
title = {{Geo-neutrinos}},
volume = {73},
year = {2013}
}
@article{Campbell2012,
author = {Campbell, Ian H and O'Neill, Hugh St C},
doi = {10.1038/nature10901},
issn = {1476-4687},
journal = {Nature},
month = mar,
number = {7391},
pages = {553--8},
pmid = {22460899},
publisher = {Nature Publishing Group},
title = {{Evidence against a chondritic Earth.}},
volume = {483},
year = {2012}
}
@article{Collaboration2003,
archivePrefix = {arXiv},
arxivId = {hep-ex/0310047},
author = {Collaboration, KamLAND},
eprint = {0310047},
month = oct,
pages = {1--5},
primaryClass = {hep-ex},
title = {{A High Sensitivity Search for \$\backslash bar\{\backslash nu\}\_\{e\}\$'s from the Sun and Other Sources at KamLAND}},
year = {2003}
}
@article{Davies2010,
author = {Davies, J. H. and Davies, D. R.},
doi = {10.5194/se-1-5-2010},
issn = {1869-9529},
journal = {Solid Earth},
month = feb,
number = {1},
pages = {5--24},
title = {{Earth's surface heat flux}},
volume = {1},
year = {2010}
}
@article{Dye2010,
author = {Dye, S.T.},
doi = {10.1016/j.epsl.2010.06.012},
issn = {0012821X},
journal = {Earth and Planetary Science Letters},
month = aug,
number = {1-2},
pages = {1--9},
publisher = {Elsevier B.V.},
title = {{Geo-neutrinos and silicate earth enrichment of U and Th}},
volume = {297},
year = {2010}
}
@article{Dye2012,
author = {Dye, S.T.},
doi = {10.1029/2012RG000400.1.INTRODUCTION},
journal = {Reviews of Geophysics},
keywords = {Earth model,geoneutrino,terrestrial heat},
pages = {1--19},
title = {{Geoneutrinos and the radioactive power of the Earth}},
year = {2012}
}
@article{Dye2014,
author = {Dye, ST and Huang, Yu and Lekic, V},
journal = {Physics Procedia},
keywords = {67,90,91,93,geo-neutrino,gl,pacs,y},
pages = {1--9},
title = {{Geo-neutrinos and Earth Models}},
volume = {00},
year = {2014}
}
@article{Dye2008,
author = {Dye, Stephen T and Guillian, Eugene H},
doi = {10.1073/pnas.0706541105},
issn = {1091-6490},
journal = {Proceedings of the National Academy of Sciences of the United States of America},
keywords = {Earth (Planet),Environmental Monitoring,Environmental Monitoring: methods,Geology,Geology: methods,Hot Temperature,Mining,Models, Theoretical,Nuclear Reactors,Oceans and Seas,Reproducibility of Results,Soil Pollutants, Radioactive,Soil Pollutants, Radioactive: analysis,Thorium,Thorium: chemistry,Uranium,Uranium: chemistry,Water Pollutants, Radioactive,Water Pollutants, Radioactive: analysis},
month = jan,
number = {1},
pages = {44--7},
pmid = {18172211},
title = {{Estimating terrestrial uranium and thorium by antineutrino flux measurements.}},
volume = {105},
year = {2008}
}
@article{Dye2011,
archivePrefix = {arXiv},
arxivId = {1111.6099},
author = {Dye, Steve},
eprint = {1111.6099},
keywords = {earth model,geo-,neutrino,terrestrial heat},
month = nov,
pages = {48},
title = {{Geo-neutrinos and the Radioactive Power of the Earth}},
volume = {2},
year = {2011}
}
@article{Eder1966,
author = {Eder, Gernot},
journal = {Nuclear Physics},
pages = {657--662},
title = {{Terrestrial neutrinos}},
volume = {78},
year = {1966}
}
@article{Fiorentini2007,
author = {Fiorentini, G and Lissia, M and Mantovani, F},
doi = {10.1016/j.physrep.2007.09.001},
issn = {03701573},
journal = {Physics Reports},
keywords = {geo-neutrinos,natural radioactivity,terrestrial heat},
month = dec,
number = {5-6},
pages = {117--172},
title = {{Geo-neutrinos and earth's interior}},
volume = {453},
year = {2007}
}
@article{Gale2013,
author = {Gale, Allison and Dalton, Colleen a. and Langmuir, Charles H. and Su, Yongjun and Schilling, Jean-Guy},
doi = {10.1029/2012GC004334},
issn = {15252027},
journal = {Geochemistry, Geophysics, Geosystems},
keywords = {-g,1021 geochemistry,2013,a,accepted 11 december 2012,and j,basalt,c,composition of the oceanic,crust,dalton,dmm,gale a,h,index terms,langmuir,major element,morb,ocean ridge,published 6 march 2013,received 11 july 2012,revised 11 december 2012,schilling,su,the mean composition of,trace element,y},
month = mar,
number = {3},
pages = {489--518},
title = {{The mean composition of ocean ridge basalts}},
volume = {14},
year = {2013}
}
@article{Huang2013a,
author = {Huang, Yu and Chubakov, Viacheslav and Mantovani, Fabio and Rudnick, Roberta L. and McDonough, William F.},
doi = {10.1002/ggge.20129},
issn = {15252027},
journal = {Geochemistry, Geophysics, Geosystems},
keywords = {1009 geochemical modeling,1020 composition of the,1025 composition,1065 major and trace,3610,8130 heat generation and,8410,bulk silicate earth composition,continental crust,crust composition,deep,element geochemistry,geoneutrino flux,heat producing element,index terms,monte carlo simulation,of the mantle,radiogenic heat power,reference crustal model,transport},
month = jun,
number = {6},
pages = {2003--2029},
title = {{A reference Earth model for the heat-producing elements and associated geoneutrino flux}},
volume = {14},
year = {2013}
}
@article{Jackson2013,
author = {Jackson, Matthew G. and Jellinek, a. Mark},
doi = {10.1002/ggge.20188},
issn = {15252027},
journal = {Geochemistry, Geophysics, Geosystems},
keywords = {3 he,4 he,bulk silicate earth,dritic earth,mantle geochemistry,missing ar,primitive mantle},
month = aug,
number = {8},
pages = {2954--2976},
title = {{Major and trace element composition of the high 3 He/ 4 He mantle: Implications for the composition of a nonchonditic Earth}},
volume = {14},
year = {2013}
}
@article{Javoy2010,
author = {Javoy, M. and Kaminski, E. and Guyot, F. and Andrault, D. and Sanloup, C. and Moreira, M. and Labrosse, S. and Jambon, a. and Agrinier, P. and Davaille, a. and Jaupart, C.},
doi = {10.1016/j.epsl.2010.02.033},
issn = {0012821X},
journal = {Earth and Planetary Science Letters},
keywords = {chemical earth models,enstatite chondrites},
month = may,
number = {3-4},
pages = {259--268},
publisher = {Elsevier B.V.},
title = {{The chemical composition of the Earth: Enstatite chondrite models}},
volume = {293},
year = {2010}
}
@article{Kobayashi1991,
author = {Kobayashi, Masao and Fukao, Yoshio},
journal = {Geophysical Research Letters},
title = {{The Earth as an antineutrino star}},
year = {1991}
}
@article{Korenaga2011,
author = {Korenaga, Jun},
doi = {10.1038/ngeo1240},
issn = {1752-0894},
journal = {Nature Geoscience},
month = aug,
number = {9},
pages = {581--582},
publisher = {Nature Publishing Group},
title = {{Earth's heat budget: Clairvoyant geoneutrinos}},
volume = {4},
year = {2011}
}
@article{Krauss1984,
author = {Krauss, LM and Glashow, SL and Schramm, DN},
journal = {Nature},
title = {{Antineutrino astronomy and geophysics}},
year = {1984}
}
@article{Lay2008,
author = {Lay, Thorne and Hernlund, John and Buffett, Bruce a.},
doi = {10.1038/ngeo.2007.44},
issn = {1752-0894},
journal = {Nature Geoscience},
month = jan,
number = {1},
pages = {25--32},
title = {{Core–mantle boundary heat flow}},
volume = {1},
year = {2008}
}
@article{Lindley1987,
author = {Lindley, David},
journal = {Nature},
title = {{Terrestrial neutrinos reappear}},
year = {1987}
}
@article{Lyubetskaya2007,
author = {Lyubetskaya, Tanya and Korenaga, Jun},
doi = {10.1029/2005JB004223},
issn = {0148-0227},
journal = {Journal of Geophysical Research},
month = mar,
number = {B3},
pages = {B03211},
title = {{Chemical composition of Earth's primitive mantle and its variance: 1. Method and results}},
volume = {112},
year = {2007}
}
@article{Mantovani2004,
author = {Mantovani, Fabio and Carmignani, Luigi and Fiorentini, Gianni and Lissia, Marcello},
doi = {10.1103/PhysRevD.69.013001},
issn = {1550-7998},
journal = {Physical Review D},
month = jan,
number = {1},
pages = {013001},
title = {{Antineutrinos from Earth: A reference model and its uncertainties}},
volume = {69},
year = {2004}
}
@article{Marx1969,
author = {Marx, G.},
doi = {10.1007/BF01698889},
issn = {0011-4626},
journal = {Czechoslovak Journal of Physics},
month = dec,
number = {12},
pages = {1471--1479},
title = {{Geophysics by neutrinos}},
volume = {19},
year = {1969}
}
@article{McDonough1995,
author = {McDonough, W.F. and Sun, S.S.},
journal = {Chemical geology},
title = {{The composition of the Earth}},
year = {1995}
}
@article{McDonough2007,
author = {McDonough, WF},
journal = {Science},
number = {August},
title = {{Mapping the Earth's engine}},
volume = {317},
year = {2007}
}
@article{McDonough2012,
author = {McDonough, WF and Learned, JG and Dye, ST},
journal = {Physics Today},
number = {March},
title = {{The many uses of electron antineutrinos}},
year = {2012}
}
@article{Mcdonough2005,
author = {Mcdonough, William F},
journal = {Nature},
number = {July},
pages = {467--468},
title = {{Ghosts from Within}},
volume = {436},
year = {2005}
}
@article{McDonough2014,
author = {McDonough, William F. and \v{S}r\'{a}mek, Ondřej},
doi = {10.1007/s12665-014-3133-9},
issn = {1866-6280},
journal = {Environmental Earth Sciences},
month = mar,
number = {8},
pages = {3787--3791},
title = {{Neutrino geoscience, news in brief}},
volume = {71},
year = {2014}
}
@article{O'Neill2008,
author = {O'Neill, Hugh St C and Palme, Herbert},
doi = {10.1098/rsta.2008.0111},
issn = {1364-503X},
journal = {Philosophical transactions. Series A, Mathematical, physical, and engineering sciences},
month = nov,
number = {1883},
pages = {4205--38},
pmid = {18826927},
title = {{Collisional erosion and the non-chondritic composition of the terrestrial planets.}},
volume = {366},
year = {2008}
}
@book{Palme2014,
author = {Palme, H and Senckenberg, Naturmuseum},
doi = {10.1016/B978-0-08-095975-7.00201-1},
edition = {2},
isbn = {9780080959757},
keywords = {Chondritic meteorites,Collisional erosion,Depletion of volatile elements,Earth's bulk composition,Earth's primitive mantle,Late veneer,Stable isotopes in Earth and meteorites},
pages = {1--39},
publisher = {Elsevier Ltd.},
title = {{Cosmochemical Estimates of Mantle Composition}},
year = {2014}
}
@article{Qiu2014,
author = {Qiu, Jane},
journal = {Science},
pages = {590--591},
title = {{China Builds Mammoth Detector to Probe Mysteries of Neutrino Mass}},
volume = {343},
year = {2014}
}
@article{Raghavan1998,
author = {Raghavan, R. and Schoenert, S. and Enomoto, S. and Shirai, J. and Suekane, F. and Suzuki, a.},
doi = {10.1103/PhysRevLett.80.635},
issn = {0031-9007},
journal = {Physical Review Letters},
month = jan,
number = {3},
pages = {635--638},
title = {{Measuring the Global Radioactivity in the Earth by Multidetector Antineutrino Spectroscopy}},
volume = {80},
year = {1998}
}
@article{Rothschild1998,
author = {Rothschild, CG},
journal = {Geophysical Research Letters},
number = {7},
pages = {1083--1086},
title = {{Antineutrino geophysics with liquid scintillator detectors}},
volume = {25},
year = {1998}
}
@article{Salters2004,
author = {Salters, Vincent J. M. and Stracke, Andreas},
doi = {10.1029/2003GC000597},
issn = {15252027},
journal = {Geochemistry, Geophysics, Geosystems},
keywords = {1010 geochemistry,1025 geochemistry,1040,accepted 5 march 2004,chemical evolution,chemistry,composition of the mantle,geochemistry,index terms,isotopic composition,mantle geochemistry,published 13 may 2004,received 7 july 2003,revised 30 january 2004},
month = may,
number = {5},
pages = {n/a--n/a},
title = {{Composition of the depleted mantle}},
volume = {5},
year = {2004}
}
@article{Shimizu2007,
author = {Shimizu, I.},
doi = {10.1016/j.nuclphysbps.2007.02.071},
issn = {09205632},
journal = {Nuclear Physics B - Proceedings Supplements},
month = jun,
pages = {147--149},
title = {{Directional measurement of anti-neutrinos}},
volume = {168},
year = {2007}
}
@article{Sramek2013,
author = {\v{S}r\'{a}mek, Ondřej and McDonough, William F. and Kite, Edwin S. and Leki\'{c}, Vedran and Dye, Stephen T. and Zhong, Shijie},
doi = {10.1016/j.epsl.2012.11.001},
issn = {0012821X},
journal = {Earth and Planetary Science Letters},
month = jan,
pages = {356--366},
title = {{Geophysical and geochemical constraints on geoneutrino fluxes from Earth's mantle}},
volume = {361},
year = {2013}
}
@article{Sramek2012,
author = {\v{S}r\'{a}mek, Ondřej and McDonough, William F. and Learned, John G.},
doi = {10.1155/2012/235686},
issn = {1687-7357},
journal = {Advances in High Energy Physics},
pages = {1--34},
title = {{Geoneutrinos}},
volume = {2012},
year = {2012}
}
@article{Steele2009,
author = {Steele, Diana},
journal = {Science News},
pages = {16--17},
title = {{For a big view of inner Earth, catch a few Geoneutrinos}},
year = {2009}
}
@article{Tanaka2014,
author = {Tanaka, H K M and Watanabe, H},
doi = {10.1038/srep04708},
issn = {2045-2322},
journal = {Scientific reports},
month = jan,
pages = {4708},
pmid = {24759616},
title = {{⁶Li-loaded directionally sensitive anti-neutrino detector for possible geo-neutrinographic imaging applications.}},
volume = {4},
year = {2014}
}
@article{Winter2005,
archivePrefix = {arXiv},
arxivId = {hep-ph/0502097},
author = {Winter, Walter},
eprint = {0502097},
month = feb,
pages = {2--5},
primaryClass = {hep-ph},
title = {{Probing the absolute density of the Earth's core using a vertical neutrino beam}},
volume = {08540},
year = {2005}
}
@article{Witze2013,
author = {Witze, Alexandra},
doi = {10.1038/496017a},
issn = {1476-4687},
journal = {Nature},
month = apr,
number = {7443},
pages = {17},
pmid = {23552924},
title = {{Detectors zero in on Earth's heat.}},
volume = {496},
year = {2013}
}
@article{Workman2005,
author = {Workman, Rhea K. and Hart, Stanley R.},
doi = {10.1016/j.epsl.2004.12.005},
issn = {0012821X},
journal = {Earth and Planetary Science Letters},
keywords = {dmm,major elements,mantle,mid-ocean ridge basalts,trace elements},
month = feb,
number = {1-2},
pages = {53--72},
title = {{Major and trace element composition of the depleted MORB mantle (DMM)}},
volume = {231},
year = {2005}
}
